@article{Academicos2012,
author = {Acad\^{e}micos, Trabalhos and Financeiro, Vice-diretor Administrativo},
file = {:C$\backslash$:/Users/Wesley-pc/AppData/Local/Mendeley Ltd./Mendeley Desktop/Downloaded/Acad\^{e}micos, Financeiro - 2012 - MANUAL.pdf:pdf},
title = {{MANUAL}},
year = {2012}
}
@article{Associacao2002,
author = {Associa\c{c}\~{a}o, Abnt and Software, Abnt Cb- Sc- Subcomite De},
file = {:C$\backslash$:/Users/Wesley-pc/AppData/Local/Mendeley Ltd./Mendeley Desktop/Downloaded/Associa\c{c}\~{a}o, Software - 2002 - Requisitos Ergon\^{o}micos para Trabalho de Escrit\'{o}rios com Computadores Parte 11 – Orienta\c{c}\~{o}es sobre Usabilid.pdf:pdf},
pages = {10--17},
title = {{Requisitos Ergon\^{o}micos para Trabalho de Escrit\'{o}rios com Computadores Parte 11 – Orienta\c{c}\~{o}es sobre Usabilidade}},
year = {2002}
}
@article{Machado2013,
author = {Machado, Tiago de Almeida},
file = {:C$\backslash$:/Users/Wesley-pc/AppData/Local/Mendeley Ltd./Mendeley Desktop/Downloaded/Machado - 2013 - Tiago de almeida machado desenvolvimento de aplicativo h\'{\i}brido com.pdf:pdf},
keywords = {cat\'{o}lica do tocantins,como requisito,da faculdade,de informa\c{c}\~{a}o,parcial para obten\c{c}\~{a}o do,t\'{\i}tulo de},
title = {{Tiago de almeida machado desenvolvimento de aplicativo h\'{\i}brido com}},
year = {2013}
}
@misc{TheMendeleySupportTeam2011,
abstract = {A quick introduction to Mendeley. Learn how Mendeley creates your personal digital library, how to organize and annotate documents, how to collaborate and share with colleagues, and how to generate citations and bibliographies.},
address = {London},
author = {{The Mendeley Support Team}},
booktitle = {Mendeley Desktop},
file = {:C$\backslash$:/Users/Wesley-pc/AppData/Local/Mendeley Ltd./Mendeley Desktop/Downloaded/The Mendeley Support Team - 2011 - Getting Started with Mendeley.pdf:pdf},
keywords = {Mendeley,how-to,user manual},
pages = {1--16},
publisher = {Mendeley Ltd.},
title = {{Getting Started with Mendeley}},
url = {http://www.mendeley.com},
year = {2011}
}
